@article{chialvo2004critical,
  title={Critical brain networks},
  author={Chialvo, Dante R},
  journal={Physica A: Statistical Mechanics and its Applications},
  volume={340},
  number={4},
  pages={756--765},
  year={2004},
  publisher={Elsevier}
}

@article{watts1998collective,
  title={Collective dynamics of ‘small-world’networks},
  author={Watts, Duncan J and Strogatz, Steven H},
  journal={nature},
  volume={393},
  number={6684},
  pages={440--442},
  year={1998},
  publisher={Nature Publishing Group}
}

@article{barabasi1999emergence,
  title={Emergence of scaling in random networks},
  author={Barab{\'a}si, Albert-L{\'a}szl{\'o} and Albert, R{\'e}ka},
  journal={science},
  volume={286},
  number={5439},
  pages={509--512},
  year={1999},
  publisher={American Association for the Advancement of Science}
}

@article{newman2004detecting,
  title={Detecting community structure in networks},
  author={Newman, Mark EJ},
  journal={The European physical journal B},
  volume={38},
  number={2},
  pages={321--330},
  year={2004},
  publisher={Springer}
  
 @article{radicchi2004defining,
  title={Defining and identifying communities in networks},
  author={Radicchi, Filippo and Castellano, Claudio and Cecconi, Federico and Loreto, Vittorio and Parisi, Domenico},
  journal={Proceedings of the national academy of sciences},
  volume={101},
  number={9},
  pages={2658--2663},
  year={2004},
  publisher={National Acad Sciences}
}

@article{fortunato2016community,
  title={Community detection in networks: A user guide},
  author={Fortunato, Santo and Hric, Darko},
  journal={Physics reports},
  volume={659},
  pages={1--44},
  year={2016},
  publisher={Elsevier}
}

@article{fortunato2010community,
  title={Community detection in graphs},
  author={Fortunato, Santo},
  journal={Physics reports},
  volume={486},
  number={3-5},
  pages={75--174},
  year={2010},
  publisher={Elsevier}
}

@article{girvan2002community,
  title={Community structure in social and biological networks},
  author={Girvan, Michelle and Newman, Mark EJ},
  journal={Proceedings of the national academy of sciences},
  volume={99},
  number={12},
  pages={7821--7826},
  year={2002},
  publisher={National Acad Sciences}
}

@article{donetti2004detecting,
  title={Detecting network communities: a new systematic and efficient algorithm},
  author={Donetti, Luca and Munoz, Miguel A},
  journal={Journal of Statistical Mechanics: Theory and Experiment},
  volume={2004},
  number={10},
  pages={P10012},
  year={2004},
  publisher={IOP Publishing}
}

 @article{reichardt2004detecting,
  title={Detecting fuzzy community structures in complex networks with a Potts model},
  author={Reichardt, J{\"o}rg and Bornholdt, Stefan},
  journal={Physical review letters},
  volume={93},
  number={21},
  pages={218701},
  year={2004},
  publisher={APS}
}

@inproceedings{pons2005computing,
  title={Computing communities in large networks using random walks},
  author={Pons, Pascal and Latapy, Matthieu},
  booktitle={International symposium on computer and information sciences},
  pages={284--293},
  year={2005},
  organization={Springer}
}

@article{wu2004finding,
  title={Finding communities in linear time: a physics approach},
  author={Wu, Fang and Huberman, Bernardo A},
  journal={The European Physical Journal B},
  volume={38},
  number={2},
  pages={331--338},
  year={2004},
  publisher={Springer}
}

@article{duch2005community,
  title={Community detection in complex networks using extremal optimization},
  author={Duch, Jordi and Arenas, Alex},
  journal={Physical review E},
  volume={72},
  number={2},
  pages={027104},
  year={2005},
  publisher={APS}
}

@article{newman2004fast,
  title={Fast algorithm for detecting community structure in networks},
  author={Newman, Mark EJ},
  journal={Physical review E},
  volume={69},
  number={6},
  pages={066133},
  year={2004},
  publisher={APS}
}

@article{guimera2004modularity,
  title={Modularity from fluctuations in random graphs and complex networks},
  author={Guimera, Roger and Sales-Pardo, Marta and Amaral, Lu{\'\i}s A Nunes},
  journal={Physical Review E},
  volume={70},
  number={2},
  pages={025101},
  year={2004},
  publisher={APS}
}

@article{newman2007mixture,
  title={Mixture models and exploratory analysis in networks},
  author={Newman, Mark EJ and Leicht, Elizabeth A},
  journal={Proceedings of the National Academy of Sciences},
  volume={104},
  number={23},
  pages={9564--9569},
  year={2007},
  publisher={National Acad Sciences}
}

@article{newman2004finding,
  title={Finding and evaluating community structure in networks},
  author={Newman, Mark EJ and Girvan, Michelle},
  journal={Physical review E},
  volume={69},
  number={2},
  pages={026113},
  year={2004},
  publisher={APS}
}

@article{newman2004fast,
  title={Fast algorithm for detecting community structure in networks},
  author={Newman, Mark EJ},
  journal={Physical review E},
  volume={69},
  number={6},
  pages={066133},
  year={2004},
  publisher={APS}
}

@article{duch2005community,
  title={Community detection in complex networks using extremal optimization},
  author={Duch, Jordi and Arenas, Alex},
  journal={Physical review E},
  volume={72},
  number={2},
  pages={027104},
  year={2005},
  publisher={APS}
}

@article{dempster1977maximum,
  title={Maximum likelihood from incomplete data via the EM algorithm},
  author={Dempster, Arthur P and Laird, Nan M and Rubin, Donald B},
  journal={Journal of the Royal Statistical Society: Series B (Methodological)},
  volume={39},
  number={1},
  pages={1--22},
  year={1977},
  publisher={Wiley Online Library}
}

@article{ueda1998deterministic,
  title={Deterministic annealing EM algorithm},
  author={Ueda, Naonori and Nakano, Ryohei},
  journal={Neural networks},
  volume={11},
  number={2},
  pages={271--282},
  year={1998},
  publisher={Elsevier}
}

@article{jaynes1957information,
  title={Information theory and statistical mechanics},
  author={Jaynes, Edwin T},
  journal={Physical review},
  volume={106},
  number={4},
  pages={620},
  year={1957},
  publisher={APS}
}

@article{von2007tutorial,
  title={A tutorial on spectral clustering},
  author={Von Luxburg, Ulrike},
  journal={Statistics and computing},
  volume={17},
  number={4},
  pages={395--416},
  year={2007},
  publisher={Springer}
}

@article{milligan1985examination,
  title={An examination of procedures for determining the number of clusters in a data set},
  author={Milligan, Glenn W and Cooper, Martha C},
  journal={Psychometrika},
  volume={50},
  number={2},
  pages={159--179},
  year={1985},
  publisher={Springer}
}

@article{wolfe1970pattern,
  title={Pattern clustering by multivariate mixture analysis},
  author={Wolfe, John H},
  journal={Multivariate behavioral research},
  volume={5},
  number={3},
  pages={329--350},
  year={1970},
  publisher={Taylor \& Francis}
}

@article{wallace1968information,
  title={An information measure for classification},
  author={Wallace, Chris S and Boulton, David M},
  journal={The Computer Journal},
  volume={11},
  number={2},
  pages={185--194},
  year={1968},
  publisher={The British Computer Society}
}

@book{bezdek2013pattern,
  title={Pattern recognition with fuzzy objective function algorithms},
  author={Bezdek, James C},
  year={2013},
  publisher={Springer Science \& Business Media}
}

@techreport{bozdogan1983determining,
  title={Determining the Number of Component Clusters in the Standard Multivariate Normal Mixture Model Using Model-Selection Criteria.},
  author={Bozdogan, Hamparsum},
  year={1983},
  institution={ILLINOIS UNIV AT CHICAGO CIRCLE DEPT OF QUANTITATIVE METHODS}
}

@inproceedings{bozdogan1994mixture,
  title={Mixture-model cluster analysis using model selection criteria and a new informational measure of complexity},
  author={Bozdogan, Hamparsum},
  booktitle={Proceedings of the first US/Japan conference on the frontiers of statistical modeling: An informational approach},
  pages={69--113},
  year={1994},
  organization={Springer}
}

@article{rissanen1978modeling,
  title={Modeling by shortest data description},
  author={Rissanen, Jorma},
  journal={Automatica},
  volume={14},
  number={5},
  pages={465--471},
  year={1978},
  publisher={Elsevier}
}

@article{wallace1987estimation,
  title={Estimation and inference by compact coding},
  author={Wallace, Chris S and Freeman, Peter R},
  journal={Journal of the Royal Statistical Society: Series B (Methodological)},
  volume={49},
  number={3},
  pages={240--252},
  year={1987},
  publisher={Wiley Online Library}
}

@book{conway2013sphere,
  title={Sphere packings, lattices and groups},
  author={Conway, John Horton and Sloane, Neil James Alexander},
  volume={290},
  year={2013},
  publisher={Springer Science \& Business Media}
}

@mastersthesis{连军艳2006算法及其改进在混合模型参数估计中的应用研究,
  title={EM 算法及其改进在混合模型参数估计中的应用研究},
  author={连军艳},
  year={2006},
  school={长安大学}
}

@article{kernighan1970efficient,
  title={An efficient heuristic procedure for partitioning graphs},
  author={Kernighan, Brian W and Lin, Shen},
  journal={The Bell system technical journal},
  volume={49},
  number={2},
  pages={291--307},
  year={1970},
  publisher={Nokia Bell Labs}
}

@article{danon2005comparing,
  title={Comparing community structure identification},
  author={Danon, Leon and Diaz-Guilera, Albert and Duch, Jordi and Arenas, Alex},
  journal={Journal of statistical mechanics: Theory and experiment},
  volume={2005},
  number={09},
  pages={P09008},
  year={2005},
  publisher={IOP Publishing}
}


@article{windham1992information,
  title={Information ratios for validating mixture analyses},
  author={Windham, Michael P and Cutler, Adele},
  journal={Journal of the American Statistical Association},
  volume={87},
  number={420},
  pages={1188--1192},
  year={1992},
  publisher={Taylor \& Francis}
}

@article{zachary1977information,
  title={An information flow model for conflict and fission in small groups},
  author={Zachary, Wayne W},
  journal={Journal of anthropological research},
  volume={33},
  number={4},
  pages={452--473},
  year={1977},
  publisher={University of New Mexico}
  
  @article{girvan2002community,
  title={Community structure in social and biological networks},
  author={Girvan, Michelle and Newman, Mark EJ},
  journal={Proceedings of the national academy of sciences},
  volume={99},
  number={12},
  pages={7821--7826},
  year={2002},
  publisher={National Acad Sciences}
}

@MISC{konect:2018:dimacs10-football,
    title = {American football network dataset -- {KONECT}},
    month = jan,
    year = {2018},
    url = {http://konect.cc/networks/dimacs10-football}
}

@inproceedings{konect,
	title = {{KONECT} -- {The} {Koblenz} {Network} {Collection}},
	author = {Jérôme Kunegis},
	year = {2013},
	booktitle = {Proc. Int. Conf. on World Wide Web Companion},
	pages = {1343--1350},
	url = {http://dl.acm.org/citation.cfm?id=2488173},
	url_presentation = {https://www.slideshare.net/kunegis/presentationwow},
	url_web = {http://konect.cc/},
	url_citations = {https://scholar.google.com/scholar?cites=7174338004474749050},
}

@inproceedings{konect,
	title = {{KONECT} -- {The} {Koblenz} {Network} {Collection}},
	author = {Jérôme Kunegis},
	year = {2013},
	booktitle = {Proc. Int. Conf. on World Wide Web Companion},
	pages = {1343--1350},
	url = {http://dl.acm.org/citation.cfm?id=2488173},
	url_presentation = {https://www.slideshare.net/kunegis/presentationwow},
	url_web = {http://konect.cc/},
	url_citations = {https://scholar.google.com/scholar?cites=7174338004474749050},
}

@article{rasmussen1999infinite,
  title={The infinite Gaussian mixture model},
  author={Rasmussen, Carl},
  journal={Advances in neural information processing systems},
  volume={12},
  year={1999}
}

@article{pernkopf2005genetic,
  title={Genetic-based EM algorithm for learning Gaussian mixture models},
  author={Pernkopf, Franz and Bouchaffra, Djamel},
  journal={IEEE Transactions on Pattern Analysis and Machine Intelligence},
  volume={27},
  number={8},
  pages={1344--1348},
  year={2005},
  publisher={IEEE}
}

@article{vlassis2002greedy,
  title={A greedy EM algorithm for Gaussian mixture learning},
  author={Vlassis, Nikos and Likas, Aristidis},
  journal={Neural processing letters},
  volume={15},
  number={1},
  pages={77--87},
  year={2002},
  publisher={Springer}
}

@inproceedings{xuan2001algorithms,
  title={EM algorithms of Gaussian mixture model and hidden Markov model},
  author={Xuan, Guorong and Zhang, Wei and Chai, Peiqi},
  booktitle={Proceedings 2001 international conference on image processing (Cat. No. 01CH37205)},
  volume={1},
  pages={145--148},
  year={2001},
  organization={IEEE}
}

@article{toda2006eigenvoice,
  title={Eigenvoice conversion based on Gaussian mixture model},
  author={Toda, Tomoki and Ohtani, Yamato and Shikano, Kiyohiro},
  year={2006}
}

@article{mclachlan2014number,
  title={On the number of components in a Gaussian mixture model},
  author={McLachlan, Geoffrey J and Rathnayake, Suren},
  journal={Wiley Interdisciplinary Reviews: Data Mining and Knowledge Discovery},
  volume={4},
  number={5},
  pages={341--355},
  year={2014},
  publisher={Wiley Online Library}
}

@article{杨博2009复杂网络聚类方法,
  title={复杂网络聚类方法},
  author={杨博 and 刘大有 and 金弟 and 马海宾 and others},
  journal={软件学报},
  number={1},
  pages={54--66},
  year={2009}
}

@article{吴金闪2004从统计物理学看复杂网络研究,
  title={从统计物理学看复杂网络研究},
  author={吴金闪 and 狄增如},
  journal={物理学进展},
  volume={24},
  number={1},
  pages={18--46},
  year={2004}
}

@article{周涛2005复杂网络研究概述,
  title={复杂网络研究概述},
  author={周涛 and 柏文洁 and 汪秉宏 and 刘之景 and 严钢},
  journal={物理},
  volume={34},
  number={01},
  pages={0--0},
  year={2005}
}

@article{李晓佳2008复杂网络中的社团结构,
  title={复杂网络中的社团结构},
  author={李晓佳 and 张鹏 and 狄增如 and 樊瑛},
  journal={复杂系统与复杂性科学},
  volume={5},
  number={3},
  pages={19--42},
  year={2008}
}

@article{李颖宏2009一种基于边缘高斯混合模型的运动目标检测方法,
  title={一种基于边缘高斯混合模型的运动目标检测方法},
  author={李颖宏 and 熊昌镇 and 尹怡欣 and 刘亚利},
  journal={系统仿真学报},
  number={S1},
  pages={72--74},
  year={2009}
}

@article{陈振华2007一种改进的高斯混合背景模型算法及仿真,
  title={一种改进的高斯混合背景模型算法及仿真},
  author={陈振华 and 周锐锐 and 李光伟 and 毕笃彦},
  journal={计算机仿真},
  volume={24},
  number={11},
  pages={190--193},
  year={2007}
}

@article{wang2002complex,
  title={Complex networks: topology, dynamics and synchronization},
  author={Wang, Xiao Fan},
  journal={International journal of bifurcation and chaos},
  volume={12},
  number={05},
  pages={885--916},
  year={2002},
  publisher={World Scientific}
}

@article{朱涵2003网络,
  title={网络 “建筑学”},
  author={朱涵 and 王欣然 and 朱建阳},
  journal={物理},
  volume={32},
  number={06},
  pages={0--0},
  year={2003}
}

@article{刘涛2005复杂网络理论及其应用研究概述,
  title={复杂网络理论及其应用研究概述},
  author={刘涛 and 陈忠 and 陈晓荣},
  journal={系统工程},
  volume={23},
  number={6},
  pages={1--7},
  year={2005}
}

@article{史定华2005网络,
  title={网络——探索复杂性的新途径},
  author={史定华},
  journal={系统工程学报},
  volume={20},
  number={2},
  pages={115--119},
  year={2005}
}