
@InProceedings{edm_icml_hoogeboom_22,
  title = 	 {Equivariant Diffusion for Molecule Generation in 3{D}},
  author =       {Hoogeboom, Emiel and Satorras, V\'{\i}ctor Garcia and Vignac, Cl{\'e}ment and Welling, Max},
  booktitle = 	 {Proceedings of the 39th International Conference on Machine Learning},
  pages = 	 {8867--8887},
  year = 	 {2022},
  volume = 	 {162},
  series = 	 {Proceedings of Machine Learning Research},
  month = 	 {17--23 Jul},
  publisher =    {PMLR},
}

@misc{mdm_aaai_huang_22,
  doi = {10.48550/ARXIV.2209.05710},
  author = {Huang, Lei and Zhang, Hengtong and Xu, Tingyang and Wong, Ka-Chun},
  title = {MDM: Molecular Diffusion Model for 3D Molecule Generation},
  publisher = {arXiv},
  year = {2022}
}

@inproceedings{schnet_schutt_17,
 author = {Sch\"{u}tt, Kristof and Kindermans, Pieter-Jan and Sauceda Felix, Huziel Enoc and Chmiela, Stefan and Tkatchenko, Alexandre and M\"{u}ller, Klaus-Robert},
 booktitle = {Advances in Neural Information Processing Systems},
 pages = {},
 publisher = {Curran Associates, Inc.},
 title = {SchNet: A continuous-filter convolutional neural network for modeling quantum interactions},
 volume = {30},
 year = {2017}
}
