% intro
@inproceedings{gan_goodfellow_14,
 author = {Goodfellow, Ian and Pouget-Abadie, Jean and Mirza, Mehdi and Xu, Bing and Warde-Farley, David and Ozair, Sherjil and Courville, Aaron and Bengio, Yoshua},
 booktitle = {Advances in Neural Information Processing Systems},
 editor = {Z. Ghahramani and M. Welling and C. Cortes and N. Lawrence and K.Q. Weinberger},
 pages = {},
 publisher = {Curran Associates, Inc.},
 title = {Generative Adversarial Nets},
 volume = {27},
 year = {2014}
}

@misc{vae_kingma_13,
      title={Auto-Encoding Variational Bayes}, 
      author={Diederik P Kingma and Max Welling},
      year={2013},
      eprint={1312.6114},
      archivePrefix={arXiv},
      primaryClass={stat.ML}
}
@InProceedings{ar_oord_16,
  title = 	 {Pixel Recurrent Neural Networks},
  author = 	 {van den Oord, Aäron and Kalchbrenner, Nal and Kavukcuoglu, Koray},
  booktitle = 	 {Proceedings of The 33rd International Conference on Machine Learning},
  pages = 	 {1747--1756},
  year = 	 {2016},
  editor = 	 {Balcan, Maria Florina and Weinberger, Kilian Q.},
  volume = 	 {48},
  series = 	 {Proceedings of Machine Learning Research},
  address = 	 {New York, New York, USA},
  month = 	 {20--22 Jun},
  publisher =    {PMLR}
}

@inproceedings{nice_dinh_15,
  title={NICE: Non-linear independent components estimation. arXiv e-prints, 2014},
  author={Dinh, Laurent and Krueger, David and Bengio, Yoshua},
  booktitle={Published as a conference paper at the 3rd International Conference for Learning Representations, San Diego},
  year={2015}
}

@inproceedings{density_dinh_17,
title={Density estimation using Real {NVP}},
author={Laurent Dinh and Jascha Sohl-Dickstein and Samy Bengio},
booktitle={International Conference on Learning Representations},
year={2017}
}

@InProceedings{deepunsupervised_dickstein_15,
  title = 	 {Deep Unsupervised Learning using Nonequilibrium Thermodynamics},
  author = 	 {Sohl-Dickstein, Jascha and Weiss, Eric and Maheswaranathan, Niru and Ganguli, Surya},
  booktitle = 	 {Proceedings of the 32nd International Conference on Machine Learning},
  pages = 	 {2256--2265},
  year = 	 {2015},
  editor = 	 {Bach, Francis and Blei, David},
  volume = 	 {37},
  series = 	 {Proceedings of Machine Learning Research},
  address = 	 {Lille, France},
  month = 	 {07--09 Jul},
  publisher =    {PMLR}
}

@inproceedings{generative_song_19,
 author = {Song, Yang and Ermon, Stefano},
 booktitle = {Advances in Neural Information Processing Systems},
 editor = {H. Wallach and H. Larochelle and A. Beygelzimer and F. d\textquotesingle Alch\'{e}-Buc and E. Fox and R. Garnett},
 pages = {},
 publisher = {Curran Associates, Inc.},
 title = {Generative Modeling by Estimating Gradients of the Data Distribution},
 volume = {32},
 year = {2019}
}

@article{smiles_weinberger_88,
author = {Weininger, David},
title = {SMILES, a chemical language and information system. 1. Introduction to methodology and encoding rules},
journal = {Journal of Chemical Information and Computer Sciences},
volume = {28},
number = {1},
pages = {31-36},
year = {1988},
doi = {10.1021/ci00057a005}
}

@article{cnnsmiles_hirohara_18,
  title={Convolutional neural network based on SMILES representation of compounds for detecting chemical motif},
  author={Hirohara, Maya and Saito, Yutaka and Koda, Yuki and Sato, Kengo and Sakakibara, Yasubumi},
  journal={BMC bioinformatics},
  volume={19},
  pages={83--94},
  year={2018},
  publisher={Springer},
  issn={1471-2105},
  doi={10.1186/s12859-018-2523-5}
}

@misc{rnnsmiles_bjerrum_17,
      title={SMILES Enumeration as Data Augmentation for Neural Network Modeling of Molecules}, 
      author={Esben Jannik Bjerrum},
      year={2017},
      eprint={1703.07076},
      archivePrefix={arXiv},
      primaryClass={cs.LG}
}

@article{practicalmodel_liu_19,
author = {Liu, Shengchao and Alnammi, Moayad and Ericksen, Spencer S. and Voter, Andrew F. and Ananiev, Gene E. and Keck, James L. and Hoffmann, F. Michael and Wildman, Scott A. and Gitter, Anthony},
title = {Practical Model Selection for Prospective Virtual Screening},
journal = {Journal of Chemical Information and Modeling},
volume = {59},
number = {1},
pages = {282-293},
year = {2019},
doi = {10.1021/acs.jcim.8b00363},
note ={PMID: 30500183}
}

@article{deeppurpose_huang_20,
    author = {Huang, Kexin and Fu, Tianfan and Glass, Lucas M and Zitnik, Marinka and Xiao, Cao and Sun, Jimeng},
    title = {DeepPurpose: a deep learning library for drug–target interaction prediction},
    journal = {Bioinformatics},
    volume = {36},
    number = {22-23},
    pages = {5545-5547},
    year = {2020},
    month = {12},
    issn = {1367-4803},
    doi = {10.1093/bioinformatics/btaa1005},
}

@misc{honda2019smiles,
      title={SMILES Transformer: Pre-trained Molecular Fingerprint for Low Data Drug Discovery}, 
      author={Shion Honda and Shoi Shi and Hiroki R. Ueda},
      year={2019},
      eprint={1911.04738},
      archivePrefix={arXiv},
      primaryClass={cs.LG}
}

@misc{smilestrans_honda_19,
      title={SMILES Transformer: Pre-trained Molecular Fingerprint for Low Data Drug Discovery}, 
      author={Shion Honda and Shoi Shi and Hiroki R. Ueda},
      year={2019},
      eprint={1911.04738},
      archivePrefix={arXiv},
      primaryClass={cs.LG}
}

@inproceedings{smilesbert_wang_19,
author = {Wang, Sheng and Guo, Yuzhi and Wang, Yuhong and Sun, Hongmao and Huang, Junzhou},
title = {SMILES-BERT: Large Scale Unsupervised Pre-Training for Molecular Property Prediction},
year = {2019},
isbn = {9781450366663},
publisher = {Association for Computing Machinery},
address = {New York, NY, USA},
doi = {10.1145/3307339.3342186},
booktitle = {Proceedings of the 10th ACM International Conference on Bioinformatics, Computational Biology and Health Informatics},
pages = {429–436},
numpages = {8},
keywords = {molecular property prediction, bioinformatics, natural language processing, semi-supervised learning, unsupervised pre-training},
location = {Niagara Falls, NY, USA},
series = {BCB '19}
}

@misc{chemberta_chithrananda_20,
      title={ChemBERTa: Large-Scale Self-Supervised Pretraining for Molecular Property Prediction}, 
      author={Seyone Chithrananda and Gabriel Grand and Bharath Ramsundar},
      year={2020},
      eprint={2010.09885},
      archivePrefix={arXiv},
      primaryClass={cs.LG}
}

@inproceedings{semisupervised_kipf_17,
title={Semi-Supervised Classification with Graph Convolutional Networks},
author={Thomas N. Kipf and Max Welling},
booktitle={International Conference on Learning Representations},
year={2017}
}

@inproceedings{inductive_hamilton_17,
 author = {Hamilton, Will and Ying, Zhitao and Leskovec, Jure},
 booktitle = {Advances in Neural Information Processing Systems},
 editor = {I. Guyon and U. Von Luxburg and S. Bengio and H. Wallach and R. Fergus and S. Vishwanathan and R. Garnett},
 pages = {},
 publisher = {Curran Associates, Inc.},
 title = {Inductive Representation Learning on Large Graphs},
 volume = {30},
 year = {2017}
}

@inproceedings{howpowerful_xu_18,
title={How Powerful are Graph Neural Networks?},
author={Keyulu Xu and Weihua Hu and Jure Leskovec and Stefanie Jegelka},
booktitle={International Conference on Learning Representations},
year={2019},
}

% Molecule generation

@InProceedings{edm_hoogeboom_22,
  title = 	 {Equivariant Diffusion for Molecule Generation in 3{D}},
  author =       {Hoogeboom, Emiel and Satorras, V\'{\i}ctor Garcia and Vignac, Cl{\'e}ment and Welling, Max},
  booktitle = 	 {Proceedings of the 39th International Conference on Machine Learning},
  pages = 	 {8867--8887},
  year = 	 {2022},
  volume = 	 {162},
  series = 	 {Proceedings of Machine Learning Research},
  month = 	 {17--23 Jul},
  publisher =    {PMLR},
}

@misc{mdm_huang_22,
  title={MDM: Molecular Diffusion Model for 3D Molecule Generation},
  author={Huang, Lei and Zhang, Hengtong and Xu, Tingyang and Wong, Ka-Chun},
  journal={arXiv preprint arXiv:2209.05710},
  year={2022}
}

% Molecular learning
@inproceedings{schnet_schutt_17,
 author = {Sch\"{u}tt, Kristof and Kindermans, Pieter-Jan and Sauceda Felix, Huziel Enoc and Chmiela, Stefan and Tkatchenko, Alexandre and M\"{u}ller, Klaus-Robert},
 booktitle = {Advances in Neural Information Processing Systems},
 pages = {},
 publisher = {Curran Associates, Inc.},
 title = {SchNet: A continuous-filter convolutional neural network for modeling quantum interactions},
 volume = {30},
 year = {2017}
}

@article{GAO2022108791,
title = {Self-supervised representation learning for trip recommendation},
journal = {Knowledge-Based Systems},
volume = {247},
pages = {108791},
year = {2022},
issn = {0950-7051},
author = {Qiang Gao and Wei Wang and Kunpeng Zhang and Xin Yang and Congcong Miao and Tianrui Li}
}