% intro
@inproceedings{gan_goodfellow_14,
 author = {Goodfellow, Ian and Pouget-Abadie, Jean and Mirza, Mehdi and Xu, Bing and Warde-Farley, David and Ozair, Sherjil and Courville, Aaron and Bengio, Yoshua},
 booktitle = {Advances in Neural Information Processing Systems},
 pages = {},
 publisher = {Curran Associates, Inc.},
 title = {Generative Adversarial Nets},
 address = {Montréal, Canada},
 volume = {27},
 year = {2014}
}

@online{vae_kingma_13,
      title={Auto-Encoding Variational Bayes}, 
      author={Diederik P Kingma and Max Welling},
      year={2013},
      url={https://arxiv.org/abs/1312.6114}
}
@InProceedings{ar_oord_16,
  title = 	 {Pixel Recurrent Neural Networks},
  author = 	 {van den Oord, Aäron and Kalchbrenner, Nal and Kavukcuoglu, Koray},
  booktitle = {International Conference on Machine Learning},
  pages = 	 {1747--1756},
  year = 	 {2016},
  volume = 	 {48},
  address = 	 {New York, USA},
  publisher =    {PMLR}
}

@inproceedings{nice_dinh_15,
  title={NICE: Non-linear Independent Components Estimation},
  author={Dinh, Laurent and Krueger, David and Bengio, Yoshua},
  booktitle={International Conference on Learning Representations},
  address = {San Diego, USA},
  year={2015}
}

@inproceedings{density_dinh_17,
title={Density Estimation Using Real {NVP}},
author={Laurent Dinh and Jascha Sohl-Dickstein and Samy Bengio},
booktitle={International Conference on Learning Representations},
address = {Toulon, France},
year={2017}
}

@InProceedings{deepunsupervised_dickstein_15,
  title = 	 {Deep Unsupervised Learning using Nonequilibrium Thermodynamics},
  author = 	 {Sohl-Dickstein, Jascha and Weiss, Eric and Maheswaranathan, Niru and Ganguli, Surya},
  booktitle = 	 {International Conference on Machine Learning},
  pages = 	 {2256--2265},
  year = 	 {2015},
  volume = 	 {37},
  address = 	 {Lille, France},
  publisher =    {PMLR}
}

@inproceedings{generative_song_19,
 author = {Song, Yang and Ermon, Stefano},
 booktitle = {Advances in Neural Information Processing Systems},
 pages = {},
 publisher = {Curran Associates, Inc.},
 title = {Generative Modeling by Estimating Gradients of the Data Distribution},
 address = {Vancouver, Canada},
 volume = {32},
 year = {2019}
}

@article{smiles_weinberger_88,
author = {Weininger, David},
title = {SMILES, a Chemical Language and Information System. 1. Introduction to Methodology and Encoding Rules},
journal = {Journal of Chemical Information and Computer Sciences},
volume = {28},
number = {1},
pages = {31-36},
year = {1988}
}

@article{cnnsmiles_hirohara_18,
  title={Convolutional Neural Network based on SMILES Representation of Compounds for Detecting Chemical Motif},
  author={Hirohara, Maya and Saito, Yutaka and Koda, Yuki and Sato, Kengo and Sakakibara, Yasubumi},
  journal={BMC bioinformatics},
  volume={19},
  pages={83--94},
  year={2018},
  issn={1471-2105}
}

@online{rnnsmiles_bjerrum_17,
      title={SMILES Enumeration as Data Augmentation for Neural Network Modeling of \linebreak Molecules}, 
      author={Esben Jannik Bjerrum},
      year={2017},
      url={https://arxiv.org/abs/1703.07076}
}

@article{practicalmodel_liu_19,
author = {Liu, Shengchao and Alnammi, Moayad and Ericksen, Spencer S. and Voter, Andrew F. and Ananiev, Gene E. and Keck, James L. and Hoffmann, F. Michael and Wildman, Scott A. and Gitter, Anthony},
title = {Practical Model Selection for Prospective Virtual Screening},
journal = {Journal of Chemical Information and Modeling},
volume = {59},
number = {1},
pages = {282-293},
year = {2019}
}

@article{deeppurpose_huang_20,
    author = {Huang, Kexin and Fu, Tianfan and Glass, Lucas M and Zitnik, Marinka and Xiao, Cao and Sun, Jimeng},
    title = {DeepPurpose: a Deep Learning Library for Drug–target Interaction Prediction},
    journal = {Bioinformatics},
    volume = {36},
    number = {22-23},
    pages = {5545-5547},
    year = {2020},
    month = {12}
}

@online{smilestrans_honda_19,
      title={SMILES Transformer: Pre-trained Molecular Fingerprint for Low Data Drug Discovery}, 
      author={Shion Honda and Shoi Shi and Hiroki R. Ueda},
      year={2019},
      url={https://arxiv.org/abs/1911.04738}
}

@inproceedings{smilesbert_wang_19,
author = {Wang, Sheng and Guo, Yuzhi and Wang, Yuhong and Sun, Hongmao and Huang, Junzhou},
title = {SMILES-BERT: Large Scale Unsupervised Pre-Training for Molecular Property Prediction},
year = {2019},
publisher = {Association for Computing Machinery},
address = {Niagara Falls, USA},
booktitle = {ACM International Conference on Bioinformatics, Computational Biology and Health Informatics},
pages = {429–436},
numpages = {8}
}

@online{chemberta_chithrananda_20,
      title={ChemBERTa: Large-Scale Self-Supervised Pretraining for Molecular Property Prediction}, 
      author={Seyone Chithrananda and Gabriel Grand and Bharath Ramsundar},
      year={2020},
      url={https://arxiv.org/abs/2010.09885}
}

@inproceedings{semisupervised_kipf_17,
title={Semi-Supervised Classification with Graph Convolutional Networks},
author={Thomas N. Kipf and Max Welling},
booktitle={International Conference on Learning Representations},
address = {Toulon, France},
year={2017}
}

@inproceedings{inductive_hamilton_17,
 author = {Hamilton, Will and Ying, Zhitao and Leskovec, Jure},
 booktitle = {Advances in Neural Information Processing Systems},
 pages = {},
 publisher = {Curran Associates, Inc.},
 title = {Inductive Representation Learning on Large Graphs},
 address = {Long Beach, USA},
 volume = {30},
 year = {2017}
}

@inproceedings{howpowerful_xu_18,
title={How Powerful are Graph Neural Networks?},
author={Keyulu Xu and Weihua Hu and Jure Leskovec and Stefanie Jegelka},
booktitle={International Conference on Learning Representations},
address = {New Orleans, USA},
year={2019},
}

@article{cgcnn_xie_18,
  title = {Crystal Graph Convolutional Neural Networks for an Accurate and Interpretable Prediction of Material Properties},
  author = {Xie, Tian and Grossman, Jeffrey C.},
  journal = {Physical Review Letters},
  volume = {120},
  issue = {14},
  pages = {145301},
  numpages = {6},
  year = {2018}
}

@article{attentivefp_xiong_20,
author = {Xiong, Zhaoping and Wang, Dingyan and Liu, Xiaohong and Zhong, Feisheng and Wan, Xiaozhe and Li, Xutong and Li, Zhaojun and Luo, Xiaomin and Chen, Kaixian and Jiang, Hualiang and Zheng, Mingyue},
title = {Pushing the Boundaries of Molecular Representation for Drug Discovery with the Graph Attention Mechanism},
journal = {Journal of Medicinal Chemistry},
volume = {63},
number = {16},
pages = {8749-8760},
year = {2020}
}

@inproceedings{schnet_schutt_17,
 author = {Sch\"{u}tt, Kristof and Kindermans, Pieter-Jan and Sauceda Felix, Huziel Enoc and Chmiela, Stefan and Tkatchenko, Alexandre and M\"{u}ller, Klaus-Robert},
 booktitle = {Advances in Neural Information Processing Systems},
 pages = {},
 publisher = {Curran Associates, Inc.},
 title = {SchNet: A Continuous-filter Convolutional Neural Network for Modeling Quantum Interactions},
 address = {Long Beach, USA},
 volume = {30},
 year = {2017}
}

@article{gem_fang_22,
  title={Geometry-enhanced Molecular Representation Learning for Property Prediction},
  author={Fang, Xiaomin and Liu, Lihang and Lei, Jieqiong and He, Donglong and Zhang, Shanzhuo and Zhou, Jingbo and Wang, Fan and Wu, Hua and Wang, Haifeng},
  journal={Nature Machine Intelligence},
  volume={4},
  number={2},
  pages={127--134},
  year={2022}
}

@InProceedings{egnn_satorras_21,
  title = 	 {E(n) Equivariant Graph Neural Networks},
  author =       {Satorras, V\'{\i}ctor Garcia and Hoogeboom, Emiel and Welling, Max},
  booktitle = 	 {International Conference on Machine Learning},
  pages = 	 {9323--9332},
  year = 	 {2021},
  volume = 	 {139},
  publisher =    {PMLR}
}

@inproceedings{spherenet_liu_22,
title={Spherical Message Passing for 3D Molecular Graphs},
author={Yi Liu and Limei Wang and Meng Liu and Yuchao Lin and Xuan Zhang and Bora Oztekin and Shuiwang Ji},
booktitle={International Conference on Learning Representations},
year={2022}
}

@inproceedings{comenet_wang_22,
title={Com{EN}et: Towards Complete and Efficient Message Passing for 3D Molecular Graphs},
author={Limei Wang and Yi Liu and Yuchao Lin and Haoran Liu and Shuiwang Ji},
booktitle={Advances in Neural Information Processing Systems}, 
pages = {650--664},
publisher = {Curran Associates, Inc.},
volume = {35},
address = {New Orleans, USA},
year={2022}
}

@inproceedings{transformer_vaswani_17,
 author = {Vaswani, Ashish and Shazeer, Noam and Parmar, Niki and Uszkoreit, Jakob and Jones, Llion and Gomez, Aidan N and Kaiser, \L ukasz and Polosukhin, Illia},
 booktitle = {Advances in Neural Information Processing Systems},
 pages = {},
 publisher = {Curran Associates, Inc.},
 title = {Attention is All you Need},
 address = {Long Beach, USA},
 volume = {30},
 year = {2017}
}

@inproceedings{graseq_guo_20,
author = {Guo, Zhichun and Yu, Wenhao and Zhang, Chuxu and Jiang, Meng and Chawla, Nitesh V.},
title = {GraSeq: Graph and Sequence Fusion Learning for Molecular Property Prediction},
year = {2020},
publisher = {Association for Computing Machinery},
booktitle = {ACM International Conference on Information \& Knowledge Management},
pages = {435–443},
numpages = {9}
}

@inproceedings{gtn_yun_19,
 author = {Yun, Seongjun and Jeong, Minbyul and Kim, Raehyun and Kang, Jaewoo and Kim, Hyunwoo J},
 booktitle = {Advances in Neural Information Processing Systems},
 pages = {},
 publisher = {Curran Associates, Inc.},
 title = {Graph Transformer Networks},
 address = {Vancouver, Canada},
 volume = {32},
 year = {2019}
}

@inproceedings{grover_rong_20,
 author = {Rong, Yu and Bian, Yatao and Xu, Tingyang and Xie, Weiyang and WEI, Ying and Huang, Wenbing and Huang, Junzhou},
 booktitle = {Advances in Neural Information Processing Systems},
 pages = {12559--12571},
 publisher = {Curran Associates, Inc.},
 title = {Self-Supervised Graph Transformer on Large-Scale Molecular Data},
 volume = {33},
 year = {2020}
}

@article{mpg_li_21,
    author = {Li, Pengyong and Wang, Jun and Qiao, Yixuan and Chen, Hao and Yu, Yihuan and Yao, Xiaojun and Gao, Peng and Xie, Guotong and Song, Sen},
    title = {An Effective Self-supervised Framework for Learning Expressive Molecular Global Representations to Drug Discovery},
    journal = {Briefings in Bioinformatics},
    volume = {22},
    number = {6},
    year = {2021},
    month = {05}
}


@InProceedings{jtvae_jin_18,
  title = 	 {Junction Tree Variational Autoencoder for Molecular Graph Generation},
  author =       {Jin, Wengong and Barzilay, Regina and Jaakkola, Tommi},
  booktitle = 	 {International Conference on Machine Learning},
  pages = 	 {2323--2332},
  year = 	 {2018},
  volume = 	 {80},
  address = {Stockholm, Sweden},
  publisher =    {PMLR}
}

@InProceedings{graphvae_simonovsky_18,
author="Simonovsky, Martin and Komodakis, Nikos",
title="GraphVAE: Towards Generation of Small Graphs Using Variational Autoencoders",
booktitle="Artificial Neural Networks and Machine Learning",
year="2018",
publisher="Springer International Publishing",
address="Rhodes, Greece",
pages="412--422"
}

@inproceedings{moflow_zang_20,
  author = {Zang, Chengxi and Wang, Fei},
  title = {MoFlow: An Invertible Flow Model for Generating Molecular Graphs},
  year = {2020},
  publisher = {Association for Computing Machinery},
  booktitle = {ACM SIGKDD International Conference on Knowledge Discovery \& Data Mining},
  pages = {617–626},
  numpages = {10}
}

% Molecule generation

@InProceedings{edm_hoogeboom_22,
  title = 	 {Equivariant Diffusion for Molecule Generation in 3{D}},
  author =       {Hoogeboom, Emiel and Satorras, V\'{\i}ctor Garcia and Vignac, Cl{\'e}ment and Welling, Max},
  booktitle = 	 {International Conference on Machine Learning},
  pages = 	 {8867--8887},
  year = 	 {2022},
  volume = 	 {162},
  address = {Baltimore, USA},
  publisher =    {PMLR},
}

@inproceedings{mdm_huang_23,
  title={Mdm: Molecular Diffusion Model for 3D Molecule Generation},
  author={Huang, Lei and Zhang, Hengtong and Xu, Tingyang and Wong, Ka-Chun},
  booktitle={AAAI Conference on Artificial Intelligence},
  volume={37},
  number={4},
  pages={5105--5112},
  year={2023}
}

@inproceedings{digress_vignac_22,
  title={DiGress: Discrete Denoising Diffusion for Graph Generation},
  author={Vignac, Clement and Krawczuk, Igor and Siraudin, Antoine and Wang, Bohan and Cevher, Volkan and Frossard, Pascal},
  booktitle={International Conference on Learning Representations},
  address = {Kigali, Rwanda},
  year={2023}
}

@inproceedings{midi_vignac_23,
title={MiDi: Mixed Graph and 3D Denoising Diffusion for Molecule Generation},
author={Clement Vignac and Nagham Osman and Laura Toni and Pascal Frossard},
booktitle={International Conference on Learning Representations},
address = {Kigali, Rwanda},
year={2023}
}

@inproceedings{gcdm_morehead_23,
title={Geometry-Complete Diffusion for 3D Molecule Generation},
author={Alex Morehead and Jianlin Cheng},
booktitle={\linebreak International Conference on Learning Representations},
address = {Kigali, Rwanda},
year={2023}
}

@InProceedings{colfnet_du_22,
  title = 	 {{SE}(3) Equivariant Graph Neural Networks with Complete Local Frames},
  author =       {Du, Weitao and Zhang, He and Du, Yuanqi and Meng, Qi and Chen, Wei and Zheng, Nanning and Shao, Bin and Liu, Tie-Yan},
  booktitle = 	 {International Conference on Machine Learning},
  pages = 	 {5583--5608},
  year = 	 {2022},
  volume = 	 {162},
  address = {Baltimore, USA},
  publisher =    {PMLR}
}

@InProceedings{blendeddiffusion_avrahami_22,
    author    = {Avrahami, Omri and Lischinski, Dani and Fried, Ohad},
    title     = {Blended Diffusion for Text-Driven Editing of Natural Images},
    booktitle = {IEEE/CVF Conference on Computer Vision and Pattern Recognition (CVPR)},
    month     = {June},
    year      = {2022},
    pages     = {18208-18218}
}

@article{cascadeddiff_ho_22,
  author  = {Jonathan Ho and Chitwan Saharia and William Chan and David J. Fleet and Mohammad Norouzi and Tim Salimans},
  title   = {Cascaded Diffusion Models for High Fidelity Image Generation},
  journal = {Journal of Machine Learning Research},
  year    = {2022},
  volume  = {23},
  number  = {47},
  pages   = {1--33}
}

@InProceedings{gradforshapegen_cai_20,
author="Cai, Ruojin
and Yang, Guandao
and Averbuch-Elor, Hadar
and Hao, Zekun
and Belongie, Serge
and Snavely, Noah
and Hariharan, Bharath",
title="Learning Gradient Fields for Shape Generation",
booktitle="European Conference on Computer Vision (ECCV)",
year="2020",
publisher="Springer International Publishing",
pages="364--381",
}

@InProceedings{sgmpointcloud_luo_21,
    author    = {Luo, Shitong and Hu, Wei},
    title     = {Score-Based Point Cloud Denoising},
    booktitle = {IEEE/CVF International Conference on Computer Vision (ICCV)},
    month     = {October},
    year      = {2021},
    pages     = {4583-4592}
}

@inproceedings{struccddpm_austin_21,
 author = {Austin, Jacob and Johnson, Daniel D. and Ho, Jonathan and Tarlow, Daniel and van den Berg, Rianne},
 booktitle = {Advances in Neural Information Processing Systems},
 pages = {17981--17993},
 publisher = {Curran Associates, Inc.},
 title = {Structured Denoising Diffusion Models in Discrete State-Spaces},
 volume = {34},
 year = {2021}
}

@inproceedings{argmaxflow_hoogeboom_21,
 author = {Hoogeboom, Emiel and Nielsen, Didrik and Jaini, Priyank and Forr\'{e}, Patrick and Welling, Max},
 booktitle = {Advances in Neural Information Processing Systems},
 pages = {12454--12465},
 publisher = {Curran Associates, Inc.},
 title = {Argmax Flows and Multinomial Diffusion: Learning Categorical Distributions},
 volume = {34},
 year = {2021}
}

@inproceedings{stepunrolled_savinov_22,
title={Step-unrolled Denoising Autoencoders for Text Generation},
author={Nikolay Savinov and Junyoung Chung and Mikolaj Binkowski and Erich Elsen and Aaron van den Oord},
booktitle={International Conference on Learning Representations},
year={2022}
}

@inproceedings{cdvae_xie_22,
title={Crystal Diffusion Variational Autoencoder for Periodic Material Generation},
author={Tian Xie and Xiang Fu and Octavian-Eugen Ganea and Regina Barzilay and Tommi S. Jaakkola},
booktitle={International Conference on Learning Representations},
year={2022}
}

@InProceedings{housediffusion_shabani_23,
    author    = {Shabani, Mohammad Amin and Hosseini, Sepidehsadat and Furukawa, Yasutaka},
    title     = {HouseDiffusion: Vector Floorplan Generation via a Diffusion Model With Discrete and Continuous Denoising},
    booktitle = {IEEE/CVF Conference on Computer Vision and Pattern Recognition (CVPR)},
    month     = {June},
    year      = {2023},
    pages     = {5466-5475}
}

@online{nap_lei_23,
      title={NAP: Neural 3D Articulation Prior}, 
      author={Jiahui Lei and Congyue Deng and Bokui Shen and Leonidas Guibas and Kostas Daniilidis},
      year={2023},
      url={https://arxiv.org/abs/2305.16315}
}

@InProceedings{mofusion_dabral_22,
    author    = {Dabral, Rishabh and Mughal, Muhammad Hamza and Golyanik, Vladislav and Theobalt, Christian},
    title     = {Mofusion: A Framework for Denoising-Diffusion-Based Motion Synthesis},
    booktitle = {IEEE/CVF Conference on Computer Vision and Pattern Recognition (CVPR)},
    month     = {June},
    year      = {2023},
    pages     = {9760-9770}
}

@InProceedings{modi_raab_22,
    author    = {Raab, Sigal and Leibovitch, Inbal and Li, Peizhuo and Aberman, Kfir and Sorkine-Hornung, Olga and Cohen-Or, Daniel},
    title     = {MoDi: Unconditional Motion Synthesis From Diverse Data},
    booktitle = {IEEE/CVF Conference on Computer Vision and Pattern Recognition (CVPR)},
    month     = {June},
    year      = {2023},
    pages     = {13873-13883}
}

@InProceedings{unet_ronneberger_15,
author="Ronneberger, Olaf
and Fischer, Philipp
and Brox, Thomas",
title="U-Net: Convolutional Networks for Biomedical Image Segmentation",
booktitle="Medical Image Computing and Computer-Assisted Intervention (MICCAI)",
year="2015",
publisher="Springer International Publishing",
address="Munich, Germany",
pages="234--241",
}

@InProceedings{edpgnn_niu_20,
  title = 	 {Permutation Invariant Graph Generation via Score-Based Generative Modeling},
  author =       {Niu, Chenhao and Song, Yang and Song, Jiaming and Zhao, Shengjia and Grover, Aditya and Ermon, Stefano},
  booktitle = 	 {International Conference on Artificial Intelligence and Statistics},
  pages = 	 {4474--4484},
  year = 	 {2020},
  volume = 	 {108},
  publisher =    {PMLR}
}

@online{sagess_limnios_23,
      title={SaGess: Sampling Graph Denoising Diffusion Model for Scalable Graph Generation}, 
      author={Stratis Limnios and Praveen Selvaraj and Mihai Cucuringu and Carsten Maple and Gesine Reinert and Andrew Elliott},
      year={2023},
      url={https://arxiv.org/abs/2306.16827}
}

@online{graphgdp_huang_22,
      title={GraphGDP: Generative Diffusion Processes for Permutation Invariant Graph Generation}, 
      author={Han Huang and Leilei Sun and Bowen Du and Yanjie Fu and Weifeng Lv},
      year={2022},
      url={https://arxiv.org/abs/2212.01842}
}

@online{gsdm_luo_22,
      title={Fast Graph Generation via Spectral Diffusion}, 
      author={Tianze Luo and Zhanfeng Mo and Sinno Jialin Pan},
      year={2022},
      url={https://arxiv.org/abs/2211.08892}
}

@oneline{nvdiff_chen_22,
      title={NVDiff: Graph Generation through the Diffusion of Node Vectors}, 
      author={Xiaohui Chen and Yukun Li and Aonan Zhang and Li-ping Liu},
      year={2022},
      url={https://arxiv.org/abs/2211.10794}
}

@online{edge_chen_23,
      title={Efficient and Degree-Guided Graph Generation via Discrete Diffusion Modeling}, 
      author={Xiaohui Chen and Jiaxing He and Xu Han and Li-Ping Liu},
      year={2023},
      url={https://arxiv.org/abs/2305.04111}
}

@online{drum_jo_23,
      title={Graph Generation with Destination-Predicting Diffusion Mixture}, 
      author={Jaehyeong Jo and Dongki Kim and Sung Ju Hwang},
      year={2023},
      url={https://arxiv.org/abs/2302.03596}
}

@online{hgdm_wen_23,
      title={Hyperbolic Graph Diffusion Model for Molecule Generation}, 
      author={Lingfeng Wen and Xian Wei},
      year={2023},
      url={https://arxiv.org/abs/2306.07618}
}

@inproceedings{vaediff_kingma_21,
 author = {Kingma, Diederik and Salimans, Tim and Poole, Ben and Ho, Jonathan},
 booktitle = {Advances in Neural Information Processing Systems},
 pages = {21696--21707},
 publisher = {Curran Associates, Inc.},
 title = {Variational Diffusion Models},
 volume = {34},
 year = {2021}
}

@inproceedings{enf_satorras_21,
 author = {Garcia Satorras, Victor and Hoogeboom, Emiel and Fuchs, Fabian and Posner, Ingmar and Welling, Max},
 booktitle = {Advances in Neural Information Processing Systems},
 pages = {4181--4192},
 publisher = {Curran Associates, Inc.},
 title = {E(n) Equivariant Normalizing Flows},
 volume = {34},
 year = {2021}
}

@inproceedings{geodiff_xu_22,
title={GeoDiff: A Geometric Diffusion Model for Molecular Conformation Generation},
author={Minkai Xu and Lantao Yu and Yang Song and Chence Shi and Stefano Ermon and Jian Tang},
booktitle={International Conference on Learning Representations},
year={2022}
}

@article{qm9_ramakrishnan_14,
  title={Quantum Chemistry Structures and Properties of 134 Kilo Molecules},
  author={Ramakrishnan, Raghunathan and Dral, Pavlo O and Rupp, Matthias and Von Lilienfeld, O Anatole},
  journal={Scientific Data},
  volume={1},
  number={1},
  pages={1-7},
  year={2014}
}

@article{drugs_axelrod_22,
  title={GEOM, Energy-annotated Molecular Conformations for Property Prediction and Molecular Generation},
  author={Axelrod, Simon and Gomez-Bombarelli, Rafael},
  journal={Scientific Data},
  volume={9},
  number={1},
  pages={185},
  year={2022}
}

@inproceedings{ddpm_ho_20,
 author = {Ho, Jonathan and Jain, Ajay and Abbeel, Pieter},
 booktitle = {Advances in Neural Information Processing Systems},
 pages = {6840--6851},
 publisher = {Curran Associates, Inc.},
 title = {Denoising Diffusion Probabilistic Models},
 volume = {33},
 year = {2020}
}

@inproceedings{sgm_song_19,
 author = {Song, Yang and Ermon, Stefano},
 booktitle = {Advances in Neural Information Processing Systems},
 pages = {},
 publisher = {Curran Associates, Inc.},
 title = {Generative Modeling by Estimating Gradients of the Data Distribution},
 volume = {32},
 address = {Vancouver, Canada},
 year = {2019}
}

@InProceedings{dpm_jascha_15,
  title = 	 {Deep Unsupervised Learning using Nonequilibrium Thermodynamics},
  author = 	 {Sohl-Dickstein, Jascha and Weiss, Eric and Maheswaranathan, Niru and Ganguli, Surya},
  booktitle = 	 {International Conference on Machine Learning},
  pages = 	 {2256--2265},
  year = 	 {2015},
  volume = 	 {37},
  address = 	 {Lille, France},
  publisher =    {PMLR}
}

@inproceedings{scoresde_song_21,
title={Score-Based Generative Modeling through Stochastic Differential Equations},
author={Yang Song and Jascha Sohl-Dickstein and Diederik P Kingma and Abhishek Kumar and Stefano Ermon and Ben Poole},
booktitle={International Conference on Learning Representations},
year={2021}
}

@inproceedings{targetdiff_guan_23,
title={3D Equivariant Diffusion for Target-Aware Molecule Generation and Affinity Prediction},
author={Jiaqi Guan and Wesley Wei Qian and Xingang Peng and Yufeng Su and Jian Peng and Jianzhu Ma},
booktitle={International Conference on Learning Representations},
address = {Kigali, Rwanda},
year={2023}
}

@inproceedings{diffab_luo_22,
title={Antigen-Specific Antibody Design and Optimization with Diffusion-Based Generative Models for Protein Structures},
author={Shitong Luo and Yufeng Su and Xingang Peng and Sheng Wang and Jian Peng and Jianzhu Ma},
booktitle={Advances in Neural Information Processing Systems},
address = {New Orleans, USA},
year={2022}
}

@inproceedings{protseed_shi_23,
title={Protein Sequence and Structure Co-Design with Equivariant Translation},
author={Chence Shi and Chuanrui Wang and Jiarui Lu and Bozitao Zhong and Jian Tang},
booktitle={International Conference on Learning Representations},
address = {Kigali, Rwanda},
year={2023}
}

@online{moleformer_yuan_23,
      title={Molecular Geometry-aware Transformer for accurate 3D Atomic System modeling}, 
      author={Zheng Yuan and Yaoyun Zhang and Chuanqi Tan and Wei Wang and Fei Huang and Songfang Huang},
      year={2023},
      url={https://arxiv.org/abs/2302.00855}
}


@inproceedings{gschnet_wallach_19,
 author = {Gebauer, Niklas and Gastegger, Michael and Sch\"{u}tt, Kristof},
 booktitle = {Advances in Neural Information Processing Systems},
 pages = {},
 publisher = {Curran Associates, Inc.},
 title = {Symmetry-adapted Generation of 3D Point Sets for the Targeted Discovery of Molecules},
 volume = {32},
 address = {Vancouver, Canada},
 year = {2019}
}

@inproceedings{gshperenet_luo_22,
title={An Autoregressive Flow Model for 3D Molecular Geometry Generation from Scratch},
author={Youzhi Luo and Shuiwang Ji},
booktitle={International Conference on Learning Representations},
year={2022}
}

@inproceedings{graphaf_shi_20,
title={GraphAF: a Flow-based Autoregressive Model for Molecular Graph Generation},
author={Chence Shi and Minkai Xu and Zhaocheng Zhu and Weinan Zhang and Ming Zhang and Jian Tang},
booktitle={International Conference on Learning Representations},
address = {Addis Ababa, Ethiopia},
year={2020}
}

@inproceedings{cgvae_liu_18,
 author = {Liu, Qi and Allamanis, Miltiadis and Brockschmidt, Marc and Gaunt, Alexander},
 booktitle = {Advances in Neural Information Processing Systems},
 pages = {},
 publisher = {Curran Associates, Inc.},
 title = {Constrained Graph Variational Autoencoders for Molecule Design},
 volume = {31},
 address = {Montréal, Canada},
 year = {2018}
}

@inproceedings{diffpg_wu_22,
 author = {Wu, Lemeng and Gong, Chengyue and Liu, Xingchao and Ye, Mao and Liu, Qiang},
 booktitle = {Advances in Neural Information Processing Systems},
 pages = {36533--36545},
 publisher = {Curran Associates, Inc.},
 title = {Diffusion-based Molecule Generation with Informative Prior Bridges},
 volume = {35},
 year = {2022}
}


@article{physnet_unke_19,
author = {Unke, Oliver T. and Meuwly, Markus},
title = {PhysNet: A Neural Network for Predicting Energies, Forces, Dipole Moments, and Partial Charges},
journal = {Journal of Chemical Theory and Computation},
volume = {15},
number = {6},
pages = {3678-3693},
year = {2019}
}

@inproceedings{mgcn_lu_19,
author = {Lu, Chengqiang and Liu, Qi and Wang, Chao and Huang, Zhenya and Lin, Peize and He, Lixin},
title = {Molecular Property Prediction: A Multilevel Quantum Interactions Modeling Perspective},
year = {2019},
publisher = {AAAI Press},
booktitle = {AAAI Conference on Artificial Intelligence and Innovative Applications of Artificial Intelligence Conference and AAAI Symposium on Educational Advances in Artificial Intelligence},
articleno = {130},
numpages = {9},
location = {Hawaii, USA},
series = {AAAI'19/IAAI'19/EAAI'19}
}

@inproceedings{dimenet_gasteiger_20,
title={Directional Message Passing for Molecular Graphs},
author={Johannes Gasteiger and Janek Groß and Stephan Günnemann},
booktitle={International Conference on Learning Representations},
address = {Addis Ababa, Ethiopia},
year={2020}
}

@InProceedings{painn_schutt_21,
  title = 	 {Equivariant Message Passing for the Prediction of Tensorial Properties and Molecular Spectra},
  author =       {Sch{\"u}tt, Kristof and Unke, Oliver and Gastegger, Michael},
  booktitle = 	 {International Conference on Machine Learning},
  pages = 	 {9377--9388},
  year = 	 {2021},
  volume = 	 {139},
  publisher =    {PMLR}
}

@inproceedings{gemnet_gasteiger_21,
 author = {Gasteiger, Johannes and Becker, Florian and G\"{u}nnemann, Stephan},
 booktitle = {Advances in Neural Information Processing Systems},
 pages = {6790--6802},
 publisher = {Curran Associates, Inc.},
 title = {GemNet: Universal Directional Graph Neural Networks for Molecules},
 volume = {34},
 year = {2021}
}

@inproceedings{spherenet_liu_22,
title={Spherical Message Passing for 3D Molecular Graphs},
author={Yi Liu and Limei Wang and Meng Liu and Yuchao Lin and Xuan Zhang and Bora Oztekin and Shuiwang Ji},
booktitle={International Conference on Learning Representations},
year={2022}
}

@article{oc20_chanussot_21,
author = {Chanussot, Lowik and Das, Abhishek and Goyal, Siddharth and Lavril, Thibaut and Shuaibi, Muhammed and Riviere, Morgane and Tran, Kevin and Heras-Domingo, Javier and Ho, Caleb and Hu, Weihua and Palizhati, Aini and Sriram, Anuroop and Wood, Brandon and Yoon, Junwoong and Parikh, Devi and Zitnick, C. Lawrence and Ulissi, Zachary},
title = {Open Catalyst 2020 (OC20) Dataset and Community Challenges},
journal = {ACS Catalysis},
volume = {11},
number = {10},
pages = {6059-6072},
year = {2021}
}

@online{dimenetpp_gasteiger_20,
  title={Fast and Uncertainty-aware Directional Message Passing for Non-equilibrium Molecules},
  author={Gasteiger, Johannes and Giri, Shankari and Margraf, Johannes T and G{\"u}nnemann, Stephan},
  url={https://arxiv.org/abs/2011.14115},
  year={2020}
}

@online{forcenet_hu_21,
      title={ForceNet: A Graph Neural Network for Large-Scale Quantum Calculations}, 
      author={Weihua Hu and Muhammed Shuaibi and Abhishek Das and Siddharth Goyal and Anuroop Sriram and Jure Leskovec and Devi Parikh and C. Lawrence Zitnick},
      year={2021},
      url={https://arxiv.org/abs/2103.01436}
}

@InProceedings{impddpm_nichol_21,
  title = 	 {Improved Denoising Diffusion Probabilistic Models},
  author =       {Nichol, Alexander Quinn and Dhariwal, Prafulla},
  booktitle = 	 {International Conference on Machine Learning},
  pages = 	 {8162--8171},
  year = 	 {2021},
  volume = 	 {139},
  publisher =    {PMLR}
}

@InProceedings{confgf_shi_21,
  title = 	 {Learning Gradient Fields for Molecular Conformation Generation},
  author =       {Shi, Chence and Luo, Shitong and Xu, Minkai and Tang, Jian},
  booktitle = 	 {International Conference on Machine Learning},
  pages = 	 {9558--9568},
  year = 	 {2021},
  volume = 	 {139},
  publisher =    {PMLR}
}

@inproceedings{tordiff_jing_22,
 author = {Jing, Bowen and Corso, Gabriele and Chang, Jeffrey and Barzilay, Regina and Jaakkola, Tommi},
 booktitle = {Advances in Neural Information Processing Systems},
 pages = {24240--24253},
 publisher = {Curran Associates, Inc.},
 title = {Torsional Diffusion for Molecular Conformer Generation},
 volume = {35},
 year = {2022}
}

@online{modiff_zhao_23,
title={Modiff: Action-Conditioned 3D Motion Generation with Denoising Diffusion Probabilistic Models}, 
author={Mengyi Zhao and Mengyuan Liu and Bin Ren and Shuling Dai and Nicu Sebe},
year={2023},
url={https://arxiv.org/abs/2301.03949}
}

@online{diffbp_lin_22,
title={DiffBP: Generative Diffusion of 3D Molecules for Target Protein Binding}, 
author={Haitao Lin and Yufei Huang and Meng Liu and Xuanjing Li and Shuiwang Ji and Stan Z. Li},
year={2022},
url={https://arxiv.org/abs/2211.11214}
}

@InProceedings{graphbp_liu_22,
  title = 	 {Generating 3{D} Molecules for Target Protein Binding},
  author =       {Liu, Meng and Luo, Youzhi and Uchino, Kanji and Maruhashi, Koji and Ji, Shuiwang},
  booktitle = 	 {\linebreak International Conference on Machine Learning},
  pages = 	 {13912--13924},
  year = 	 {2022},
  volume = 	 {162},
  address = {Baltimore, USA},
  publisher =    {PMLR}
}

@inproceedings{arligand_luo_21,
 author = {Luo, Shitong and Guan, Jiaqi and Ma, Jianzhu and Peng, Jian},
 booktitle = {Advances in Neural Information Processing Systems},
 pages = {6229--6239},
 publisher = {Curran Associates, Inc.},
 title = {A 3D Generative Model for Structure-Based Drug Design},
 volume = {34},
 year = {2021}
}

@InProceedings{pocket2mol_peng_22,
  title = 	 {{P}ocket2{M}ol: Efficient Molecular Sampling Based on 3{D} Protein Pockets},
  author =       {Peng, Xingang and Luo, Shitong and Guan, Jiaqi and Xie, Qi and Peng, Jian and Ma, Jianzhu},
  booktitle = 	 {International Conference on Machine Learning},
  pages = 	 {17644--17655},
  year = 	 {2022},
  volume = 	 {162},
  address = {Baltimore, USA},
  publisher =    {PMLR}
}

@online{braindiffuser_chen_23,
      title={Brain Diffuser: An End-to-End Brain Image to Brain Network Pipeline}, 
      author={Xuhang Chen and Baiying Lei and Chi-Man Pun and Shuqiang Wang},
      year={2023},
      url={https://arxiv.org/abs/2303.06410}
}

@online{modeling_lu_23,
      title={Modeling and Design of Heterogeneous Hierarchical Bioinspired Spider Web Structures Using Generative Deep Learning and Additive Manufacturing}, 
      author={Wei Lu and Nic A. Lee and Markus J. Buehler},
      year={2023},
      url={https://arxiv.org/abs/2304.05137}
}

@online{diffpoi_qin_23,
      title={A Diffusion Model for POI Recommendation}, 
      author={Yifang Qin and Hongjun Wu and Wei Ju and Xiao Luo and Ming Zhang},
      year={2023},
      url={https://arxiv.org/abs/2304.07041}
}